%% source: https://web.mit.edu/rsi/www/pdfs/bibtex-format.pdf
% Diccionario de llaves:
% int = introduccion
% def = definicion
% img = imagen
% fun = funcion

@misc{int1,
    author = {Pablo Huet},
    title = {Qué son las redes neuronales y sus aplicaciones},
    howpublished = {
    \url{https://openwebinars.net/blog/que-son-las-redes-neuronales-y-sus-aplicaciones/}
    },
    year = {2023}
}

@misc{int2,
    author = {Guillermo Julian},
    title = {Las redes neuronales: qué son y por qué están volviendo},
    howpublished = {
    \url{https://www.xataka.com/robotica-e-ia/las-redes-neuronales-que-son-y-por-que-estan-volviendo}
    },
    year = {2016}
}

@misc{def-ibm1,
    author = {IBM},
    title = {¿Qué son las redes neuronales?},
    howpublished = { 
    \url{https://www.ibm.com/es-es/topics/neural-networks} 
    },
    year = {2021}
}

@misc{def-ibm2,
    author = {IBM},
    title = {El modelo de redes neuronales},
    howpublished = { 
    \url{https://www.ibm.com/docs/es/spss-modeler/saas?topic=networks-neural-model} 
    },
    year = {2021}
}

@misc{def-atria,
    author = {ATRIA Innovation},
    title = {Qué son las redes neuronales y sus funciones},
    howpublished = { 
    \url{https://www.atriainnovation.com/que-son-las-redes-neuronales-y-sus-funciones/}
    },
    year = {2019}
}

@misc{def-mathworks,
    author = {MathWorks},
    title = {¿Qué es una red neuronal? Tres cosas que es necesario saber},
    howpublished = { 
    \url{https://la.mathworks.com/discovery/neural-network/} 
    }
}

@misc{def-unir,
    author       = {UNIR},
    howpublished = {
        \url{https://www.unir.net/ingenieria/revista/redes-neuronales-artificiales/}
    },
    title        = {¿Qué son las redes neuronales? Concepto y usos principales},
    year         = {2021}
}

@misc{def-amazon,
    author       = {Amazon},
    howpublished = {
        \url{https://aws.amazon.com/what-is/neural-network/?nc1=h_ls}
    },
    title        = {¿Qué es una red neuronal?}
}

@book{libro-def,
    author = {Xabier Basogain Olabe},
    title = {Redes neuronales artificiales y sus aplicaciones},
    howpublished = {
        url{https://ocw.ehu.eus/pluginfile.php/40137/mod_resource/content/1/redes_neuro/contenidos/pdf/libro-del-curso.pdf}
    },
    year = {2009}
}

@misc{img-neurona_artificial,
    author       = {hvidberrrg},
    howpublished = {
    \url{https://hvidberrrg.github.io/deep_learning/activation_functions_in_artificial_neural_networks.html}
    },
    title        = {Activation functions in artificial neural networks},
}

@book{libro-3b1b,
    author         = {Michael Nielsen},
    title          = {Neural Networks and Deep Learning},
    howpublished   = {
        \url{http://neuralnetworksanddeeplearning.com/}
    },
    year           = {2019}
}

@misc{blog,
    author       = {Christopher Olah},
    howpublished = {
        url{http://colah.github.io/}
    },
    title        = {
        Neural Networks (General), Recurrent Neural Networks, Convolutional Neural Networks, Visualizing Neural Networks
    },
    year         = {}
}

@misc{img-neurona_artificial2,
    author       = {Jeremy Jordan},
    howpublished = {
        \url{https://www.jeremyjordan.me/intro-to-neural-networks/}
    },
    title        = {Neural networks: representation},
    year         = {2017}
}

@misc{tesis-matich,
    author       = {Damian Jorge Matich},
    howpublished = {
        \url{https://www.frro.utn.edu.ar/repositorio/catedras/quimica/5_anio/orientadora1/monograias/matich-redesneuronales.pdf}
    },
    title        = {Redes Neuronales: Conceptos Básicos y Aplicaciones.},
    year         = {2001}
}

@misc{img-neurona_real,
  author       = {wikipedia},
  howpublished = {
    \url{https://es.m.wikipedia.org/wiki/Archivo:Neurona.svg}
  },
  title        = {Grafico de una neurona real},
  year         = {}
}

@misc{fun-activacion,
  author       = {Pragati Baheti},
  howpublished = {
    \url{https://www.v7labs.com/blog/neural-networks-activation-functions}
  },
  title        = {Activation Functions in Neural Networks [12 Types \& Use Cases]},
  year         = {2021}
}

@misc{fun-activacion2,
  author       = {Prerna Nichani},
  howpublished = {
    \url{https://medium.com/analytics-vidhya/activation-functions-in-neural-networks-811e782d37e8}
  },
  title        = {Activation Functions in Neural Networks},
  year         = {2020}
}

@misc{fun-softmax,
  author       = {Thomas Wood},
  howpublished = {
    \url{https://deepai.org/machine-learning-glossary-and-terms/softmax-layer}
  },
  title        = {Softmax Function},
  year         = {}
}